<?xml version="1.0" encoding="utf-8"?>
<record xmlns="http://www.loc.gov/MARC21/slim" xmlns:xsi="http://www.w3.org/2001/XMLSchema-instance" xsi:schemaLocation="http://www.loc.gov/MARC21/slim http://www.loc.gov/standards/marcxml/schema/MARC21slim.xsd">
	<leader>     nam a22     Mi 4500</leader>
	<controlfield tag="001">479283</controlfield>
	<controlfield tag="003">NjP</controlfield>
	<controlfield tag="006">m        d        </controlfield>
	<controlfield tag="007">cr cn |||m|||a</controlfield>
	<controlfield tag="008">210111m19609999ir      o     000 0 ara d</controlfield>
	<datafield ind1=" " ind2=" " tag="040">
		<subfield code="a">ZYU</subfield>
		<subfield code="b">ara</subfield>
		<subfield code="e">rda</subfield>
		<subfield code="c">ZYU</subfield>
	</datafield>
	<datafield ind1=" " ind2="4" tag="050">
		<subfield code="a">BP184.4</subfield>
		<subfield code="b">.M8 1960</subfield>
	</datafield>
	<datafield ind1="1" ind2=" " tag="100">
		<subfield code="a">Muḥaqqiq al-Ṭihrānī, Muḥammad Riḍā.</subfield>
	</datafield>
	<datafield ind1="1" ind2="0" tag="245">
		<subfield code="a">Ḥaqāʼiq al-fiqh fī sharḥ Sharāʼiʻ al-Islām /</subfield>
		<subfield code="c">taṣnīf Muḥammad Riḍā al-mushtahir bi-al-Muḥaqqiq al-Ṭihrānī.</subfield>
	</datafield>
	<datafield ind1="3" ind2=" " tag="246">
		<subfield code="a">Kitāb Ḥaqāʼiq al-fiqh fī sharḥ Sharāʼiʻ al-Islām</subfield>
	</datafield>
	<datafield ind1=" " ind2=" " tag="260">
		<subfield code="a">[Iran] :</subfield>
		<subfield code="b">[publisher not identified],</subfield>
		<subfield code="c">1382 [1962 or 1963]-</subfield>
	</datafield>
	<datafield ind1=" " ind2=" " tag="300">
		<subfield code="a">online resource (volumes)</subfield>
	</datafield>
	<datafield ind1=" " ind2=" " tag="336">
		<subfield code="a">text</subfield>
		<subfield code="2">rdacontent</subfield>
	</datafield>
	<datafield ind1=" " ind2=" " tag="337">
		<subfield code="a">computer</subfield>
		<subfield code="2">rdamedia</subfield>
	</datafield>
	<datafield ind1=" " ind2=" " tag="338">
		<subfield code="a">online resource</subfield>
		<subfield code="2">rdacarrier</subfield>
	</datafield>
	<datafield ind1=" " ind2=" " tag="500">
		<subfield code="a">Some vols. have title: Kitāb Ḥaqāʼiq al-fiqh fī sharāʼiʻ al-Islām.</subfield>
	</datafield>
	<datafield ind1=" " ind2=" " tag="500">
		<subfield code="a">Vols. 3- have imprint: Qum : al-Maṭbaʻah al-ʻIlmīyah.</subfield>
	</datafield>
	<datafield ind1=" " ind2=" " tag="500">
		<subfield code="a">Cover, v. 1, dated: 1382.</subfield>
	</datafield>
	<datafield ind1=" " ind2=" " tag="500">
		<subfield code="a">Vol. 21 includes a title page for vol. 11.</subfield>
	</datafield>
	<datafield ind1=" " ind2=" " tag="500">
		<subfield code="a">Part of the Arabic Collections Online (ACO) project, contributed by Princeton University Libraries.</subfield>
	</datafield>
	<datafield ind1=" " ind2=" " tag="533">
		<subfield code="a">Electronic reproduction.</subfield>
		<subfield code="b">New York, N.Y. :</subfield>
		<subfield code="c">New York University,</subfield>
		<subfield code="d">2021.</subfield>
		<subfield code="5">NNU</subfield>
	</datafield>
	<datafield ind1="1" ind2="0" tag="600">
		<subfield code="a">Muḥaqqiq al-Ḥillī, Jaʻfar ibn al-Ḥasan,</subfield>
		<subfield code="d">1205 or 1206-1277.</subfield>
		<subfield code="t">Sharāʼiʻ al-Islām fī masāʼil al-ḥalāl wa-al-ḥarām.</subfield>
	</datafield>
	<datafield ind1=" " ind2="0" tag="650">
		<subfield code="a">Islamic law</subfield>
		<subfield code="x">Interpretation and construction.</subfield>
	</datafield>
	<datafield ind1=" " ind2="0" tag="650">
		<subfield code="a">Shīʻah.</subfield>
	</datafield>
	<datafield ind1=" " ind2="7" tag="650">
		<subfield code="a">Islamic law</subfield>
		<subfield code="x">Interpretation and construction.</subfield>
		<subfield code="2">fast</subfield>
		<subfield code="0">(OCoLC)fst00979955</subfield>
	</datafield>
	<datafield ind1=" " ind2="7" tag="650">
		<subfield code="a">Shīʻah.</subfield>
		<subfield code="2">fast</subfield>
		<subfield code="0">(OCoLC)fst01117946</subfield>
	</datafield>
	<datafield ind1="2" ind2=" " tag="710">
		<subfield code="a">Princeton University.</subfield>
		<subfield code="b">Library.</subfield>
	</datafield>
	<datafield ind1="0" ind2=" " tag="730">
		<subfield code="a">Arabic Collections Online.</subfield>
	</datafield>
	<datafield ind1="0" ind2="8" tag="776">
		<subfield code="i">Print version:</subfield>
		<subfield code="a">Muḥaqqiq al-Ṭihrānī, Muḥammad Riḍā.</subfield>
		<subfield code="t">Ḥaqāʼiq al-fiqh fī sharḥ Sharāʼiʻ al-Islām</subfield>
		<subfield code="w">(NjP)479283</subfield>
		<subfield code="w">(OCoLC)23700095</subfield>
	</datafield>
	<datafield ind1="4" ind2="0" tag="856">
		<subfield code="u">http://hdl.handle.net/2333.1/9cnp5trx</subfield>
	</datafield>
	<datafield ind1=" " ind2=" " tag="959">
		<subfield code="a">NNU</subfield>
		<subfield code="b">WEB</subfield>
		<subfield code="c">GENI</subfield>
		<subfield code="t">0</subfield>
		<subfield code="m">Electronic access</subfield>
		<subfield code="s">01</subfield>
	</datafield>
	<datafield ind1=" " ind2=" " tag="999">
		<subfield code="i">NjP_479283</subfield>
		<subfield code="o">(OCoLC)ocm23700095 </subfield>
		<subfield code="s">princeton_aco004354:mujallad 3</subfield>
		<subfield code="s">princeton_aco004522:mujallad 2</subfield>
		<subfield code="s">princeton_aco004511:mujallad 4</subfield>
		<subfield code="s">princeton_aco004515:mujallad 5</subfield>
		<subfield code="s">princeton_aco004524:mujallad 6</subfield>
		<subfield code="s">princeton_aco004605:mujallad 8</subfield>
		<subfield code="s">princeton_aco004508:mujallad 9</subfield>
		<subfield code="s">princeton_aco004509:mujallad 10</subfield>
		<subfield code="s">princeton_aco004490:mujallad 11</subfield>
		<subfield code="s">princeton_aco004506:mujallad 12</subfield>
		<subfield code="s">princeton_aco004507:mujallad 13</subfield>
		<subfield code="s">princeton_aco004510:mujallad 14</subfield>
		<subfield code="s">princeton_aco004501:mujallad 15</subfield>
		<subfield code="s">princeton_aco004488:mujallad 16</subfield>
		<subfield code="s">princeton_aco004477:mujallad 17</subfield>
		<subfield code="s">princeton_aco004502:mujallad 18</subfield>
		<subfield code="s">princeton_aco004513:mujallad 19</subfield>
		<subfield code="s">princeton_aco004498:mujallad 20</subfield>
		<subfield code="s">princeton_aco004489:mujallad 21</subfield>
		<subfield code="s">princeton_aco004493:mujallad 22</subfield>
		<subfield code="s">princeton_aco004487:mujallad 23</subfield>
		<subfield code="s">princeton_aco004495:mujallad 24</subfield>
		<subfield code="s">princeton_aco004523:mujallad 25-26</subfield>
		<subfield code="s">princeton_aco004491:mujallad 27</subfield>
		<subfield code="s">princeton_aco004492:mujallad 28-29</subfield>
		<subfield code="s">princeton_aco004500:mujallad 30</subfield>
		<subfield code="s">princeton_aco004504:mujallad 31</subfield>
		<subfield code="s">princeton_aco004478:mujallad 32</subfield>
		<subfield code="s">princeton_aco004479:mujallad 33</subfield>
		<subfield code="s">princeton_aco004482:mujallad 34</subfield>
		<subfield code="s">princeton_aco004481:mujallad 35</subfield>
		<subfield code="s">princeton_aco004497:mujallad 36</subfield>
		<subfield code="s">princeton_aco004512:mujallad 37</subfield>
		<subfield code="s">princeton_aco004496:mujallad 38</subfield>
		<subfield code="s">princeton_aco004486:mujallad 39</subfield>
		<subfield code="s">princeton_aco004505:mujallad 40</subfield>
		<subfield code="s">princeton_aco004514:mujallad 41</subfield>
		<subfield code="s">princeton_aco004480:mujallad 43</subfield>
		<subfield code="s">princeton_aco004483:mujallad 47</subfield>
		<subfield code="s">princeton_aco004499:mujallad 48</subfield>
		<subfield code="s">princeton_aco004484:mujallad 50</subfield>
		<subfield code="s">princeton_aco004503:mujallad 51</subfield>
		<subfield code="e">(ERROR-880)</subfield>
	</datafield>
</record>
